@website{broadcastITNetwork,
  title={Java server - Propagace lokální sítí (1.,2. a 3. část)},
  author={Petr Štechmüller},
  publisher= {ITNetwork},
  year={},
  note = {citováno 26.4.2022},
  howpublished = "\url{https://www.itnetwork.cz/java/server}",
}
