@website{broadcastITNetwork,
  title={Java server - Propagace lokální sítí (1.,2. a 3. část)},
  author={Petr Štechmüller},
  publisher= {ITNetwork},
  year={},
  note = {citováno 26.4.2022},
  howpublished = "\url{https://www.itnetwork.cz/java/server}",
}
@website{bouncyCastle,
  title={The Legion of the Bouncy Castle},
  author={},
  publisher= {},
  year={},
  note = {citováno 29.4.2023},
  howpublished = "\url{https://www.bouncycastle.org/}",
}
